%% NOTE: \LaTeX's comment character `%' is not a comment character in
%% the database files.  \BibTeX allows in the database files anyf
%% comment that's not within an entry.
%%
%% Repositorio de arquivos .bib disponiveis on-line:
%% http://liinwww.ira.uka.de/bibliography/index.html
%% http://www.math.utah.edu/~beebe/bibliographies.html
%%
%% Se voc� tiver problemas com acentos nas entradas do BibTeX, coloque-os
%% entre { e }, como em Jo{�}o ou ainda Jo{\~a}o.

%---------------------------------------------------------
% A A A
%---------------------------------------------------------
@MISC{ABERBETHY,
  key       = {ABERBETHY},
  author  = {Michael Abernethy},
  title       = {Minera\c{c}\~{a}o de dados com WEKA},
  note	 = { Acesso em: 15 de dezembro de 2013},
  howpublished = {\href{http://www.ibm.com/developerworks/br/opensource/library/os-weka1/}{IBM}}
} 

@MISC{ALECRIM,
  key          = {ALECRIM},
  author       = {Emerson Alecrim},
  title        = {Redes Neurais Artificiais},
  note	= {Acesso em: 21 de dezembro de 2013},
  howpublished = {\href{http://www.infowester.com/redesneurais.php} {Infowester}}
}
 
@MISC{AGUIARJUNIOR,
  key          	   	   = {AGUIARJUNIOR},
  author       	   = {Marcos Aguiar Junior},
  title        		   = {OLTP x OLAP},
  note			   = {Acesso em: 10 de dezembro de 2013},
  howpublished = {\href{http://marquinhosnet.wordpress.com/2010/10/09/oltp-x-olap} {MarquinhosNet}}
}

%---------------------------------------------------------
% B B B
%---------------------------------------------------------

@BOOK{BOGORNY,
 key       = {BOGORNY},
  author    = {Vania Bogorny},
  year      = 2003,
  title    		 = {Algoritmos e Ferramentas para Descoberta de Conhecimento em Bases de Dados Geogr\'{a}ficos},
  publisher = {Biblioteca UFRGS},
  address   = {Porto Alegre}
}

@MISC{Bernabeu,
  key          = {Bernabeu},
  author       = {Bernabeu R. Dario},
  title        = {Data Mart},
  note		= {Acesso em: 20 de dezembro de 2013},
  howpublished = {\href{http://www.dataprix.net/pt-pt/node/16622}{Dataprix}}
}

%---------------------------------------------------------
% C C C
%---------------------------------------------------------

@Book{CARVALHO,
	key       = {CARVALHO},
  author 		=		{Lu\'{i}s Alfredo Vidal de Carvalho},
  title 		=		{DATAMINING: A Minera\c{c}\~{a}o de Dados no Marketing, Medicina, Economia, Engenharia e Administra\c{c}\~{a}o.},
  publisher = 	{Ci\^{e}ncia Moderna},
  year 			= 	{2005},
	address   = {Rio de Janeiro}
}


@MISC{CETAX ,
  key          = {CETAX},
  author       = {Cetax Consultoria},
  title        = {O que \'{e} Data Mart?},
  note	={Acesso em: 19 de dezembro de 2013},
  howpublished = {\href{http://cetax.com.br/o-que-e-data-mart} {Cetax}}
}

@article{COME,
    key          = {COME},
    author    = {Gilberto de Come},
   title        = {Os metadados no ambiente de Data Warehouse},
    journal   = {IV SEMEAD},
    year      = {1999},
}

@MISC{COSTA,
  key          = {COSTA},
  author       = {Wladimir da Costa},
  title        = {A empresa digital},
  note = {Acesso em: 08 de dezembro de 2013},
  howpublished = {\href{http://www.wladi.pro.br/fatec/asti/info/Aula11.ppt} {Wladi Fatec}}
}
%---------------------------------------------------------
% D D D
%---------------------------------------------------------

@MISC{DMSS,
  key          = {DMSS},
  author       = {Wladimir da Costa},
  title        = {Lojas Renner melhoram resultados de suas campanhas de marketing direto com an\'{a}lise preditiva da SPSS},
  note = {Acesso em: 10 de dezembro de 2013},
  howpublished = {\href{http://www.dmss.com.br/news/novembro_09/news_nov09_03.htm} {Dmss}}
}

%---------------------------------------------------------
% E E E
%---------------------------------------------------------

%---------------------------------------------------------
% F F F
%---------------------------------------------------------
 
@MISC{FALSARELACHAVES,
  key          = {FALSARELACHAVES},
  author       = {Orandi Mina e Eduardo O C},
  title        = {Sistemas de Informa\c{c}\~{a}o e Sistemas de Apoio \'{a} Decis\~{a}o},
  note = {Acesso em: 10 de dezembro de 2013},
  howpublished = {\href{http://www.ebah.com.br/content/ABAAAAEtkAD/sistemas-informacao} {Ebah}}
} 

@MISC{FILETO,
  key          = {FILETO},
  author       = {Renato},
  title        = {Data Warehouses: Fundamentos, Ferramentas e Tend\^{a}ncias atuais},
  note = {Acesso em: 13 de dezembro de 2013},
  howpublished = {\href{http://www.inf.ufsc.br/~fileto/Talks/IntrodDW-ERBD2009.pdf} {www.inf.ufsc.br}}
} 

@MISC{felipelirarocha,
  key          = {felipelirarocha},
  author       = {Felipe Lira Rocha},
  title        = {Bussines Inteligence: arquiteturas e tecnologias},
  note = {Acesso em: 14 de dezembro de 2013},
  howpublished = {\href{http://felipelirarocha.wordpress.com/2012/04/15/bussines-inteligence-arquiteturas-e-tecnologias/}{Felipelirarocha}}
}

%---------------------------------------------------------
% G G G
%---------------------------------------------------------
@MISC{GPEA,
  key          = {GPEA},
  author       = {Grupo de Pesquisa em Engenharia de Algoritmo GPEA},
  title        = {Pr\'{e}-processamento em Data Mining},
  note = {Acesso em: 05 de dezembro de 2013},
  howpublished = {\href{http://www.din.uem.br/~gpea/linhas-de-pesquisa/mineracao-de-dados/pre-processamento/pre-processamento-em-data-mining/} {www.din.uem.br}}
}

%---------------------------------------------------------
% H H H
%---------------------------------------------------------

%---------------------------------------------------------
% I I I
%---------------------------------------------------------
@MISC{IBL,
  key          = {IBL},
  author       = {IBL},
  title        = {Extra\c{c}\~{a}o, Transforma\c{c}\~{a}o e Carga},
  note = {Acesso em: 15 de dezembro de 2013},
  howpublished = {\href{http://www.infobras.com.br/portugues/produtos_conceito_etl.asp} {www.infobras.com.br}}
}

@Book{INMON,
	key        = {INMON},
  author     = {Willian H Inmon},
  title      = {Building the Data Warehouse Third Edition},
  publisher  = {John Wiley and Sons Inc},
  year 			 = 	{2002},
	address    = {New York}
}

@MISC{IBMCorporation,
  key          = {IBMCorporation},
  author       = {IBM Corporation},
  title        = {IBM SPSS Modeler},
  note = {Acesso em: 14 de dezembro de 2013},
  howpublished = {\href{http://www.pse.pt/ibm-spss-modeler/}{www.pse.pt}}
} 


@MISC{inetgiant,
  key          = {inetgiant},
  author       = {EDUARDO CUNHA DE ALMEIDA},
  title        = {ESTUDO DE VIABILIDADE DE UMA PLATAFORMA DE 
BAIXO CUSTO PARA DATA WAREHOUSE},
note = {Acesso em: 14 de dezembro de 2013},
  howpublished = {\href{http://arxiv.org/pdf/1108.0729v1.pdf}{arxiv.org}}
}

%---------------------------------------------------------
% J J J
%---------------------------------------------------------
@BOOK{JESUS,
  key        = {JESUS},
  author     = {Fernando de Jesus},  
  title      = {Pensamento e Planejamento Estrat\'{e}gico: uma abordagem competitiva},
  publisher  = {Edi\c{c}\~{a}o do Autor},
	year       = {2011},
  address    = {Goi\^{a}nia}
}
%---------------------------------------------------------
% K K K
%---------------------------------------------------------


%---------------------------------------------------------
% L L L
%---------------------------------------------------------
@MISC{LEMOS,
  key          = {LEMOS},
  author       = {Eliane Perzepiorski},
  title        = {An\'{a}lise de cr\'{e}dito banc\'{a}rio com o uso de Data Mining: Redes neurais e \'{a}rvores de decisa~o},
  note = {Acesso em: 20 de dezembro de 2013},
  howpublished = {\href{http://www.ppgmne.ufpr.br/arquivos/diss/70.pdf} {www.ppgmne.ufpr.br}}
}

@MISC{LIMA,
  key          = {LIMA},
  author       = {Carlos Alberto Lorenzi},
  title        = {Arquiteturas de Data Warehousing Parte 2},
  note = {Acesso em: 30 de dezembro de 2013},
  howpublished = {\href{http://litolima.com/2011/07/19/arquiteturas-de-data-warehousing-parte-2} {Blog do Lito}}
}

@MISC{LNCC,
  key          = {LNCC},
  author       = {Laborat\'{o}rio Nacional de Computa\c{c}\~{a}o Cient\'{i}fica},
  title        = {Tutorial de Redes Neurais Aplica\c{c}\~{a}o em Bioinform\'{a}tica},
  note = {Acesso em: 21 de dezembro de 2013},
  howpublished = {\href{http://www.lncc.br/~labinfo/tutorialRN} {www.lncc.br}}
}

@MISC{LeeSwi2002,
  key          = {LeeSwi2002},
  author       = {R. Berners-Lee and T. Swick},
  title        = {Semantic Web Development},
  note = {Acesso em: Agosto de 2013},
  howpublished = {\href{http://www.w3.org/2000/01/sw/} {www.w3.org}}
}
%---------------------------------------------------------
% M M M
%---------------------------------------------------------
@MISC{MICROSOFT,
  key          	= {MICROSOFT},
  author       	= {Microsoft},
  title        	= {Algoritmos de minera\c{c}\~{a}o de dados (Analysis Services Minera\c{c}\~{a}o de Dados)},
  note = {Acesso em: 15 de dezembro de 2013},
  howpublished  = {\href{http://msdn.microsoft.com/pt- br/library/ms175595%28v=sql.105%29.aspx} {MSDN Microsoft}}
}

@MISC{MICROSOFTSQL,
  key          	= {MICROSOFTSQL},
  author       	= {Microsoft},
  title        	= {Dados hier\'{a}rquicos (SQL Server)},
  note = {Acesso em: 08 de dezembro de 2013},
  howpublished  = {\href{http://technet.microsoft.com/pt-br/library/bb677173.aspx} {Technet Microsoft}}
}

@MISC{Morellato,
  key          = {Morellato},
  author       = {Luana Morellato},
  title        = {Minera\c{c}\~{a}o de dados e Web Sem\^{a}ntica},
  note = {Acesso em: 13 de dezembro de 2013},
  howpublished = {\href{http://imasters.com.br/artigo/10229/tecnologia/mineracao-de-dados-e-web-semantica/}{iMasters}}
}

%---------------------------------------------------------
% N N N
%---------------------------------------------------------
@MISC{NASCIMENTO,
  key          	= {NASCIMENTO},
  author       	= {Luiz Ant\^{o}nio do Nascimento},
  title        	= {Data Warehouse Arquitetura e implanta\c{c}\~{a}o},
  note = {Acesso em: 10 de novembro de 2013},
  howpublished  = {\href{http://ladnascimento.files.wordpress.com/2012/09/aula7_arquiteturas_dw.pdf} {Nascimento}}
}

%---------------------------------------------------------
% O O O
%---------------------------------------------------------
@MISC{OCHIDIASSOARES,
  key          	= {OCHIDIASSOARES},
  author       	= {Luiz Satoru; Carlos Rodrigo; St\^{e}nio S. Furtado},
  title        	= {Clusteriza\c{c}\~{a}o em Minera\c{c}\~{a}o de dados},
  note = {Acesso em: 20 de novembro de 2013},
  howpublished  = {\href{http://www.ic.uff.br/~satoru/conteudo/artigos/ERI-Minicurso-SATORU.pdf} {www.ic.uff.br}}
}

%---------------------------------------------------------
% P P P
%---------------------------------------------------------
@MISC{POZZEBONFREITAS,
  key          	= {POZZEBONFREITAS},
  author       	= {POZZEBON (M.) e FREITAS (H.)},
  title        	= {Caracter\'{i}sticas desej\'{a}veis de um EIS Enterprise Information System Rumo \'{a} proatividade},
  note = {A cesso em: 10 de dezembro de 2013},
  howpublished  = {\href{http://www.lume.ufrgs.br/bitstream/handle/10183/19454/000307740.pdf?sequence=1&locale=en} {www.lume.ufrgs.br}}
}

@BOOK{PRIMAK,
  key           = {PRIMAK},
  author        = {F\'{a}bio Vin\'{i}cius da Silva},
  year          = {2008},
  title         = {Decis\~{o}es com B.I. (Business Intelligence)},
  publisher     = {Ci\^{e}ncia Moderna},
  address       = {Rio de Janeiro}
}

@MISC{panazzo,
  key          = {panazzo},
  author       = {Silvia panazzo e Maria Luisa Vaz},
  title        = {Navegando pela Historia},
  note = {Acesso em: 16 de dezembro de 2013},
  howpublished = {\href{http://aprendendoagostardehistoria.blogspot.com.br/p/idade-antiga.html} {Aprendendo a gostar de historia}}
}

%---------------------------------------------------------
% Q Q Q
%---------------------------------------------------------

%---------------------------------------------------------
% R R R
%---------------------------------------------------------
@MISC{ROSSONI,
  key          	= {ROSSONI},
  author       	= {Cl\'{a}udio F},
  title        	= {Classifica\c{c}\~{a}o de Sistemas de Informa\c{c}\~{a}o},
  note = {Acesso em: 06 de Janeiro de 2014},
  howpublished  = {\href{http://tecspace.com.br/paginas/aula/FCG-SI/aula02-st.pdf} {Tecspace}}
}
%---------------------------------------------------------
% S S S
%---------------------------------------------------------
@MISC{SERAIN,
  key          	= {SERAIN},
  author       	= {Joa\~{o} Sidemar},
  title        	= {Porque Business Intelligence?},
  note = {Acesso em: 08 de Janeiro de 2014},
  howpublished  = {\href{http://imasters.com.br/artigo/5415/bi/por_que_business_intelligence} {iMasters}}
}

@MISC{SOUZA,
  key          	= {SOUZA},
  author       	= {Michael Souza},
  title        	= {Ferramentas OL AP},
  note = {Acesso em: 13 de Dezembro de 2013},
  howpublished  = {\href{http://imasters.com.br/artigo/1498/gerencia/ferramentas_olap} {iMasters}}
}

@BOOK{STAIRREYNOLDS,
  key           = {STAIRREYNOLDS},
  author        = {Ralph M; George W},
  year          = {2006},
  title         = {Princ\'{i}pios de Sistemas de Informa\c{c}\~{a}o: Uma abordagem gerencial},
  publisher     = {Pioneira Thomson Learning},
  address       = {S\~{a}o Paulo}
}

@MISC{SAPSybase,
  key          = {SAPSybase},
  author       = {SAP Sybase},
  title        = {SAP Sybase IQ},
  note = {Acesso em: 14 de dezembro de 2013},
  howpublished = {\href{http://www.sybase.com.br/products/datawarehousing/sybaseiq}{Sybase}}
} 

@MISC{Sybase,
  key          = {Sybase},
  author       = {Sybase},
  title        = {Sybase ETL},
  note = {Acesso em: 19 de dezembro de 2013},
  howpublished = {\href{http://infocenter.sybase.com/help/index.jsp?topic=/com.sybase.infocenter.dc01013.0490/html/etl_inst/etl_inst4.htm}{Sybase}}
}

%---------------------------------------------------------
% T T T
%---------------------------------------------------------
@BOOK{TANSTEINBACHKUMAR,
  key          = {TANSTEINBACHKUMAR},
  author       = {Pang-Ning; Michael; Vipin},
  year         = 2009,
  title        = {Introdu\c{c}\~{a}o ao Data Mining Minera\c{c}\~{a}o de dados},
  publisher    = {Ci\^{e}ncia Moderna},
  address      = {Rio de Janeiro}
}

@MISC{TEIXEIRACHRISTOFOLETTI,
  key          = {TEIXEIRACHRISTOFOLETTI},
  author       = {Amandio Luiz de Almeida; Ant\^{o}nio},
  title        = {Sistemas de Informa\c{c}\~{a}o Geogr\'{a}fica Dicion\'{a}rio Ilustrado Editora Hucitec},
  note = {Acesso em: 08 de Dezembro de 2013},
  howpublished = {\href{http://www.uefs.br/disciplinas/exa519/DICIONARIO_5.pdf} {www.uefs.br}}
}

@BOOK{TURBANARONSONKINGSHARDA,
  key          = {TURBANARONSONKINGSHARDA},
  author       = {Efraim Turban; Jay E; David King; Ramesh Sharda},
  year         = 2009,
  title        = {Business Intelligence: Um enfoque gerencial para a intelig\^{e}ncia do neg\'{o}cio},
  publisher    = {Bookman},
  address      = {Porto Alegre}
}

%---------------------------------------------------------
% U U U
%---------------------------------------------------------
@MISC{UNIPRESS,
  key          = {UNIPRESS},
  author       = {UNIPRESS},
  title        = {BAM Business Activity Monitoring: intelig\^{e}ncia de neg\'{o}cios em tempo real},
  note = {Acesso em: 10 de Janeiro de 2014},
  howpublished = {\href{http://uni.com.br/knowledge_base/?p=267} {Unipress}}
}